<record><leader>00000cas a22000007a 4500</leader><controlfield tag="001">16838663</controlfield><controlfield tag="008">871010d18981922iauwr ne      0    0eng d</controlfield><datafield ind1=" " ind2=" " tag="010"><subfield code="a">sn 87057633 </subfield></datafield><datafield ind1=" " ind2=" " tag="040"><subfield code="a">INP</subfield><subfield code="b">eng</subfield><subfield code="c">INP</subfield><subfield code="d">OCLCQ</subfield></datafield><datafield ind1=" " ind2=" " tag="042"><subfield code="a">msc</subfield></datafield><datafield ind1="0" ind2=" " tag="130"><subfield code="a">Botna Valley news (Macedonia, Iowa : 1898)</subfield></datafield><datafield ind1="1" ind2="0" tag="245"><subfield code="a">Botna Valley news.</subfield></datafield><datafield ind1=" " ind2=" " tag="260"><subfield code="a">Macedonia, Iowa :</subfield><subfield code="b">J.N. Tollinger</subfield></datafield><datafield ind1=" " ind2=" " tag="300"><subfield code="a">v.</subfield></datafield><datafield ind1=" " ind2=" " tag="310"><subfield code="a">Weekly</subfield></datafield><datafield ind1="1" ind2=" " tag="362"><subfield code="a">Issued 1898-1922?</subfield></datafield><datafield ind1=" " ind2=" " tag="500"><subfield code="a">Publisher varies.</subfield></datafield><datafield ind1=" " ind2=" " tag="588"><subfield code="a">Description based on: Vol. 12, no. 24 (Feb. 28, 1901).</subfield></datafield><datafield ind1=" " ind2=" " tag="752"><subfield code="a">United States</subfield><subfield code="b">Iowa</subfield><subfield code="c">Pottawattamie</subfield><subfield code="d">Macedonia.</subfield></datafield><datafield ind1="0" ind2="0" tag="780"><subfield code="t">Blue grass blade (Macedonia, Iowa)</subfield><subfield code="w">(DLC)sn 87057632</subfield></datafield></record>